<record><leader>00000cas a22000007a 4500</leader><controlfield tag="001">15245335</controlfield><controlfield tag="008">870226d18851933wiudn ne      0    0eng d</controlfield><datafield ind1=" " ind2=" " tag="010"><subfield code="a">sn 87082100 </subfield></datafield><datafield ind1=" " ind2=" " tag="040"><subfield code="a">NPV</subfield><subfield code="b">eng</subfield><subfield code="c">NPV</subfield><subfield code="d">OCLCQ</subfield></datafield><datafield ind1=" " ind2=" " tag="042"><subfield code="a">msc</subfield></datafield><datafield ind1="0" ind2=" " tag="130"><subfield code="a">Daily northwestern (Oshkosh, Wis. : 1885)</subfield></datafield><datafield ind1="1" ind2="4" tag="245"><subfield code="a">The daily northwestern.</subfield></datafield><datafield ind1=" " ind2=" " tag="260"><subfield code="a">Oshkosh, Wis. :</subfield><subfield code="b">[s.n.],</subfield><subfield code="c">1885-1933.</subfield></datafield><datafield ind1=" " ind2=" " tag="300"><subfield code="a">v.</subfield></datafield><datafield ind1=" " ind2=" " tag="310"><subfield code="a">Daily (except Sunday)</subfield></datafield><datafield ind1="0" ind2=" " tag="362"><subfield code="a">Eighteenth year, no. 5411 (May 6, 1885)-sixty-sixth year, no. 307 (Dec. 30, 1933).</subfield></datafield><datafield ind1=" " ind2=" " tag="515"><subfield code="a">Volume and numbering vary.</subfield></datafield><datafield ind1=" " ind2=" " tag="580"><subfield code="a">Issued also in a weekly edition called: Weekly northwestern, 1885-1909.</subfield></datafield><datafield ind1=" " ind2=" " tag="752"><subfield code="a">United States</subfield><subfield code="b">Wisconsin</subfield><subfield code="c">Winnebago</subfield><subfield code="d">Oshkosh.</subfield></datafield><datafield ind1="1" ind2=" " tag="775"><subfield code="t">Weekly northwestern</subfield><subfield code="w">(DLC)sn 85041594</subfield></datafield><datafield ind1="0" ind2="0" tag="780"><subfield code="t">Oshkosh daily northwestern (Oshkosh, Wis. : 1875)</subfield><subfield code="w">(DLC)sn 87082099</subfield></datafield><datafield ind1="0" ind2="0" tag="785"><subfield code="t">Oshkosh northwestern (Oshkosh, Wis. : 1934 : Daily)</subfield><subfield code="w">(DLC)sn 87082101</subfield></datafield></record>